@inproceedings{aggarwal2016connecting,
  title={Connecting the dots: Explaining relationships between unconnected entities in a knowledge graph},
  author={Aggarwal, Nitish and Bhatia, Sumit and Misra, Vinith},
  booktitle={European Semantic Web Conference},
  pages={35--39},
  year={2016},
  organization={Springer}
}

@inproceedings{blanco2010finding,
  title={Finding support sentences for entities},
  author={Blanco, Roi and Zaragoza, Hugo},
  booktitle={Proceedings of the 33rd international ACM SIGIR conference on Research and development in information retrieval},
  pages={339--346},
  year={2010},
  organization={ACM}
}

@inproceedings{cardie2000examining,
  title={Examining the role of statistical and linguistic knowledge sources in a general-knowledge question-answering system},
  author={Cardie, Claire and Ng, Vincent and Pierce, David and Buckley, Chris},
  booktitle={Proceedings of the sixth conference on Applied natural language processing},
  pages={180--187},
  year={2000},
  organization={Association for Computational Linguistics}
}

@inproceedings{dalton2014entity,
  title={Entity query feature expansion using knowledge base links},
  author={Dalton, Jeffrey and Dietz, Laura and Allan, James},
  booktitle={Proceedings of the 37th international ACM SIGIR conference on Research \& development in information retrieval},
  pages={365--374},
  year={2014},
  organization={ACM}
}

@inproceedings{dietz2017trec,
  title={TREC Complex Answer Retrieval Overview.},
  author={Dietz, Laura and Verma, Manisha and Radlinski, Filip and Craswell, Nick},
  booktitle={Proceedings of {Text REtrieval Conference} (TREC)},
  year={2017}
}

@inproceedings{ferragina2010tagme,
  title={Tagme: on-the-fly annotation of short text fragments (by wikipedia entities)},
  author={Ferragina, Paolo and Scaiella, Ugo},
  booktitle={Proceedings of the 19th ACM international conference on Information and knowledge management},
  pages={1625--1628},
  year={2010},
  organization={ACM}
}


@inproceedings{guo2009named,
  title={Named entity recognition in query},
  author={Guo, Jiafeng and Xu, Gu and Cheng, Xueqi and Li, Hang},
  booktitle={Proceedings of the 32nd international ACM SIGIR conference on Research and development in information retrieval},
  pages={267--274},
  year={2009},
  organization={ACM}
}

@inproceedings{kadry2017open,
  title={Open Relation Extraction for Support Passage Retrieval: Merit and Open Issues},
  author={Kadry, Amina and Dietz, Laura},
  booktitle={Proceedings of the 40th International ACM SIGIR Conference on Research and Development in Information Retrieval},
  pages={1149--1152},
  year={2017},
  organization={ACM}
}

@article{liu2009learning,
  title={Learning to rank for information retrieval},
  author={Liu, Tie-Yan and others},
  journal={Foundations and Trends{\textregistered} in Information Retrieval},
  volume={3},
  number={3},
  pages={225--331},
  year={2009},
  publisher={Now Publishers, Inc.}
}


@article{swat,
author = {Ponza, Marco and Ferragina, Paolo and Piccinno, Francesco},
year = {2018},
month = {04},
pages = {},
title = {SWAT: A System for Detecting Salient Wikipedia Entities in Texts},
journal = {Computational Intelligence},
doi = {10.1111/coin.12216}
}

@inproceedings{stokes2001first,
  title={First story detection using a composite document representation},
  author={Stokes, Nicola and Carthy, Joe},
  booktitle={Proceedings of the first international conference on Human language technology research},
  pages={1--8},
  year={2001},
  organization={Association for Computational Linguistics}
}

@inproceedings{voskarides2015learning,
  title={Learning to explain entity relationships in knowledge graphs},
  author={Voskarides, Nikos and Meij, Edgar and Tsagkias, Manos and De Rijke, Maarten and Weerkamp, Wouter},
  booktitle={Proceedings of the 53rd Annual Meeting of the Association for Computational Linguistics and the 7th International Joint Conference on Natural Language Processing (Volume 1: Long Papers)},
  volume={1},
  pages={564--574},
  year={2015}
}

@book{Manning:2008:IIR:1394399,
 author = {Manning, Christopher D. and Raghavan, Prabhakar and Sch\"{u}tze, Hinrich},
 title = {Introduction to Information Retrieval},
 year = {2008},
 isbn = {0521865719, 9780521865715},
 publisher = {Cambridge University Press},
 address = {New York, NY, USA},
} 

@article{Chen:1976:EMU:320434.320440,
 author = {Chen, Peter Pin-Shan},
 title = {The Entity-relationship Model\&Mdash;Toward a Unified View of Data},
 journal = {ACM Trans. Database Syst.},
 issue_date = {March 1976},
 volume = {1},
 number = {1},
 month = mar,
 year = {1976},
 issn = {0362-5915},
 pages = {9--36},
 numpages = {28},
 url = {http://doi.acm.org/10.1145/320434.320440},
 doi = {10.1145/320434.320440},
 acmid = {320440},
 publisher = {ACM},
 address = {New York, NY, USA},
 keywords = {Data Base Task Group, data definition and manipulation, data integrity and consistency, data models, database design, entity set model, entity-relationship model, logigcal view of data, network model, relational model, semantics of data},
} 

@book{balog2018entity,
  title={Entity-Oriented Search},
  author={Balog, Krisztian},
  year={2018},
  series={The Information Retrieval Series},
  volume={39},
  issn={1387-5264},
  isbn={978-3-319-93933-9},
  doi={10.1007/978-3-319-93935-3},
  publisher={Springer}
}

@inbook{jones1988,
author = {Sparck Jones, Karen},
title = {A Statistical Interpretation of Term Specificity and Its Application in Retrieval},
year = {1988},
isbn = {0947568212},
publisher = {Taylor Graham Publishing},
address = {GBR},
booktitle = {Document Retrieval Systems},
pages = {132–142},
numpages = {11}
}


@article{salton1988term,
  title={Term-weighting approaches in automatic text retrieval},
  author={Salton, Gerard and Buckley, Christopher},
  journal={Information processing \& management},
  volume={24},
  number={5},
  pages={513--523},
  year={1988},
  publisher={Elsevier}
}

@article{robertson1976relevance,
  title={Relevance weighting of search terms},
  author={Robertson, Stephen E and Jones, K Sparck},
  journal={Journal of the American Society for Information science},
  volume={27},
  number={3},
  pages={129--146},
  year={1976},
  publisher={Wiley Online Library}
}

@article{croft1979using,
  title={Using probabilistic models of document retrieval without relevance information},
  author={Croft, W Bruce and Harper, David J},
  journal={Journal of documentation},
  volume={35},
  number={4},
  pages={285--295},
  year={1979},
  publisher={MCB UP Ltd}
}

@inproceedings{papineni2001inverse,
  title={Why inverse document frequency?},
  author={Papineni, Kishore},
  booktitle={Proceedings of the second meeting of the North American Chapter of the Association for Computational Linguistics on Language technologies},
  pages={1--8},
  year={2001},
  organization={Association for Computational Linguistics}
}

@article{jones2000probabilistic,
  title={A probabilistic model of information retrieval: development and comparative experiments: Part 2},
  author={Jones, K Sparck and Walker, Steve and Robertson, Stephen E.},
  journal={Information processing \& management},
  volume={36},
  number={6},
  pages={809--840},
  year={2000},
  publisher={Elsevier}
}

@phdthesis{ponte1998language,
  title={A language modeling approach to information retrieval},
  author={Ponte, Jay Michael and Croft, W Bruce},
  year={1998},
  school={University of Massachusetts at Amherst}
}

@inproceedings{xiong2015esdrank,
 author = {Xiong, Chenyan and Callan, Jamie},
 title = {EsdRank: Connecting Query and Documents Through External Semi-Structured Data},
 booktitle = {Proceedings of the 24th ACM International Conference on Information and Knowledge Management},
 series = {CIKM '15},
 year = {2015},
 isbn = {978-1-4503-3794-6},
 location = {Melbourne, Australia},
 pages = {951--960},
 numpages = {10},
 url = {http://doi.acm.org/10.1145/2806416.2806456},
 doi = {10.1145/2806416.2806456},
 acmid = {2806456},
 publisher = {ACM},
 address = {New York, NY, USA},
 keywords = {controlled vocabulary, freebase, knowledge base, learning to rank, mesh, ranking, semi-structured data},
} 

@article{liu2015latent,
  title={Latent entity space: a novel retrieval approach for entity-bearing queries},
  author={Liu, Xitong and Fang, Hui},
  journal={Information Retrieval Journal},
  volume={18},
  number={6},
  pages={473--503},
  year={2015},
  publisher={Springer}
}

@inproceedings{ensan2017document,
author = {Ensan, Faezeh and Bagheri, Ebrahim},
title = {Document Retrieval Model Through Semantic Linking},
year = {2017},
isbn = {9781450346757},
publisher = {Association for Computing Machinery},
address = {New York, NY, USA},
url = {https://doi.org/10.1145/3018661.3018692},
doi = {10.1145/3018661.3018692},
booktitle = {Proceedings of the 10th ACM International Conference on Web Search and Data Mining},
pages = {181–190},
numpages = {10},
keywords = {language models, semantic linking, semantic relatedness, semantic search, information retrieval},
location = {Cambridge, United Kingdom},
series = {WSDM ’17}
}

@inproceedings{raviv2016document,
author = {Raviv, Hadas and Kurland, Oren and Carmel, David},
title = {Document Retrieval Using Entity-Based Language Models},
year = {2016},
isbn = {9781450340694},
publisher = {Association for Computing Machinery},
address = {New York, NY, USA},
url = {https://doi.org/10.1145/2911451.2911508},
doi = {10.1145/2911451.2911508},
booktitle = {Proceedings of the 39th International ACM SIGIR Conference on Research and Development in Information Retrieval},
pages = {65–74},
numpages = {10},
keywords = {entity-based language models, document retrieval},
location = {Pisa, Italy},
series = {SIGIR ’16}
}

@inproceedings{xiong2017jointsem,
author = {Xiong, Chenyan and Liu, Zhengzhong and Callan, Jamie and Hovy, Eduard},
title = {JointSem: Combining Query Entity Linking and Entity Based Document Ranking},
year = {2017},
isbn = {9781450349185},
publisher = {Association for Computing Machinery},
address = {New York, NY, USA},
url = {https://doi.org/10.1145/3132847.3133048},
doi = {10.1145/3132847.3133048},
booktitle = {Proceedings of the 2017 ACM SIGIR Conference on Information and Knowledge Management},
pages = {2391–2394},
numpages = {4},
keywords = {entity linking, document ranking, entity-based search},
location = {Singapore, Singapore},
series = {CIKM ’17}
}

@inproceedings{xiong2015query,
author = {Xiong, Chenyan and Callan, Jamie},
title = {Query Expansion with Freebase},
year = {2015},
isbn = {9781450338332},
publisher = {Association for Computing Machinery},
address = {New York, NY, USA},
url = {https://doi.org/10.1145/2808194.2809446},
doi = {10.1145/2808194.2809446},
booktitle = {Proceedings of the 2015 International Conference on The Theory of Information Retrieval},
pages = {111–120},
numpages = {10},
keywords = {pseudo relevance feedback, query expansion, freebase, knowledge base},
location = {Northampton, Massachusetts, USA},
series = {ICTIR ’15}
}

@inproceedings{xiong2016bag,
author = {Xiong, Chenyan and Callan, Jamie and Liu, Tie-Yan},
title = {Bag-of-Entities Representation for Ranking},
year = {2016},
isbn = {9781450344975},
publisher = {Association for Computing Machinery},
address = {New York, NY, USA},
url = {https://doi.org/10.1145/2970398.2970423},
doi = {10.1145/2970398.2970423},
booktitle = {Proceedings of the 2016 ACM International Conference on the Theory of Information Retrieval},
pages = {181–184},
numpages = {4},
keywords = {text representation, base-of-entities, knowledge base, document representation},
location = {Newark, Delaware, USA},
series = {ICTIR ’16}
}

@inproceedings{xiong2018towards,
author = {Xiong, Chenyan and Liu, Zhengzhong and Callan, Jamie and Liu, Tie-Yan},
title = {Towards Better Text Understanding and Retrieval through Kernel Entity Salience Modeling},
year = {2018},
isbn = {9781450356572},
publisher = {Association for Computing Machinery},
address = {New York, NY, USA},
url = {https://doi.org/10.1145/3209978.3209982},
doi = {10.1145/3209978.3209982},
booktitle = {The 41st International ACM SIGIR Conference on Research and Development in Information Retrieval},
pages = {575–584},
numpages = {10},
keywords = {entity-oriented search, text representation, text understanding, entity salience},
location = {Ann Arbor, MI, USA},
series = {SIGIR ’18}
}

@inproceedings{xiong2017word,
author = {Xiong, Chenyan and Callan, Jamie and Liu, Tie-Yan},
title = {Word-Entity Duet Representations for Document Ranking},
year = {2017},
isbn = {9781450350228},
publisher = {Association for Computing Machinery},
address = {New York, NY, USA},
url = {https://doi.org/10.1145/3077136.3080768},
doi = {10.1145/3077136.3080768},
booktitle = {Proceedings of the 40th International ACM SIGIR Conference on Research and Development in Information Retrieval},
pages = {763–772},
numpages = {10},
keywords = {document ranking, text representation, entity-based search},
location = {Shinjuku, Tokyo, Japan},
series = {SIGIR ’17}
}

@inproceedings{xiong2017explicit,
author = {Xiong, Chenyan and Power, Russell and Callan, Jamie},
title = {Explicit Semantic Ranking for Academic Search via Knowledge Graph Embedding},
year = {2017},
isbn = {9781450349130},
publisher = {International World Wide Web Conferences Steering Committee},
address = {Republic and Canton of Geneva, CHE},
url = {https://doi.org/10.1145/3038912.3052558},
doi = {10.1145/3038912.3052558},
booktitle = {Proceedings of the 26th International Conference on World Wide Web},
pages = {1271–1279},
numpages = {9},
keywords = {academic search, knowledge graph, entity-based ranking},
location = {Perth, Australia},
series = {WWW ’17}
}
  

  

  

  

  

  

  


